@book{lc,
  title={Liouville's Constant. (n.d.). Retrieved from http://mathworld.wolfram.com/LiouvillesConstant.html},
  author={},
  isbn={},
  url={http://mathworld.wolfram.com/LiouvillesConstant.html},
  year={},
  publisher={}
}
