@book{pn,
  title={Plastic number. (2019, June 02). Retrieved from https://en.wikipedia.org/wiki/Plastic_number
},
  author={},
  isbn={},
  url={https://en.wikipedia.org/wiki/Plastic_number},
  year={},
  publisher={}
}
